@article{ford2004,
  author =       {{Bryan Ford}},
  title =        {{Parsing expression grammars: a recognition-based syntactic
                  foundation}},
  journal =      {{SIGPLAN Not.}},
  issue_date =   {{January 2004}},
  volume =       {{39}},
  number =       {{1}},
  month =        {{Jan}},
  year =         {{1996}},
  issn =         {{0362-1340}},
  pages =        {{111--122}},
  numpages =     {{12}},
  url =          {{http://bford.info/pub/lang/peg}},
  doi =          {{10.1145/982962.964011}},
  acmid =        {{964011}},
  publisher =    {{ACM}},
  address =      {{New York, NY, USA}},
  keywords =     {{BNF, GTDPL, TDPL, context-free grammars, lexical analysis,
                  packrat parsing, parsing expression grammars, regular
                  expressions, scannerless parsing, syntactic predicates,
                  unified grammars}},
}

@misc{iso14977,
  key =          {{ISO/IEC 14977}},
  publisher =    {{ISO, Geneva, Switzerland}},
  type =         {{Norm}},
  title =        {{ISO/IEC 14977 : Information Technology - Syntactic
                  Metalanguage - Extended BNF}},
  number =       {{ISO/IEC 14977}},
  year =         {{1996}},
  url =
                  {{http://standards.iso.org/ittf/PubliclyAvailableStandards/s026153_ISO_IEC_14977_1996(E).zip}},
}

@misc{iso9945,
  key =          {{ISO/IEC/IEEE 9945}},
  publisher =    {{ISO, Geneva, Switzerland}},
  type =         {{Norm}},
  title =        {{ISO/IEC/IEEE 9945 : Information technology - Portable
                  Operating System Interface (POSIX\copyright{}) Base
                  Specifications, Issue 7}},
  number =       {{ISO/IEC/IEEE 9945}},
  year =         {{2009}},
  url =
                  {{http://pubs.opengroup.org/onlinepubs/9699919799/basedefs/V1_chap09.html}},
}

@inproceedings{becket2008,
  author =       {{Ralph Becket and Zoltan Somogyi}},
  title =        {{DCGs + Memoing = Packrat Parsing; But is it worth it?}},
  booktitle =    {{Proceedings of the 10th international conference on Practical
                  aspects of declarative languages}},
  series =       {{PADL'08}},
  year =         {{2008}},
  isbn =         {{3-540-77441-6, 978-3-540-77441-9}},
  location =     {{San Francisco, CA, USA}},
  pages =        {{182--196}},
  numpages =     {{15}},
  url =
                  {{http://citeseerx.ist.psu.edu/viewdoc/summary?doi=10.1.1.70.3187}},
  acmid =        {{1785767}},
  publisher =    {{Springer-Verlag}},
  address =      {{Berlin, Heidelberg}},
  keywords =     {{DCG, memoing, mercury, packrat, parsing, recursive descent,
                  tabling}},
}

@misc{lecharlier2012,
  title =        {{Languages et Traducteur (INGI2132) - Syllabus de Cours}},
  author =       {{Baudouin Le Charlier}},
  year =         {{2012}},
}

@inproceedings{redziejowski2009,
  author =       {{Roman R. Redziejowski}},
  title =        {{Mouse: from Parsing Expressions to a practical parser}},
  booktitle =    {{Proceedings of the CS\&P 2009 Workshop 2, Ed. L.Czaja and
                  M.Szczuka}},
  year =         {{2009}},
  location =     {{Warsaw, Masovian, Poland}},
  pages =        {{514--525}},
  numpages =     {{15}},
  url =          {{http://www.romanredz.se/pubs.htm}},
  publisher =    {{Warsaw University}},
}

@misc{mouse_man,
  author =       {{Roman R. Redziejowski}},
  title =        {{Mouse: from Parsing Expressions to a practical parser (user
                  manual)}},
  url =          {{http://mousepeg.sourceforge.net/Manual.pdf}},
}

@article{ford2002,
  author =       {{Bryan Ford}},
  title =        {{Packrat parsing: Simple, Powerful, Lazy, Linear Time}},
  journal =      {{SIGPLAN Not.}},
  issue_date =   {{September 2002}},
  volume =       {{37}},
  number =       {{9}},
  month =        {{Sep}},
  year =         {{2002}},
  issn =         {{0362-1340}},
  pages =        {{36--47}},
  numpages =     {{12}},
  url =          {{http://bford.info/pub/lang/packrat-icfp02/}},
  doi =          {{10.1145/583852.581483}},
  acmid =        {{581483}},
  publisher =    {{ACM}},
  address =      {{New York, NY, USA}},
  keywords =     {{Haskell, backtracking, lexical analysis, memoization, parser
                  combinators, scannerless parsing, top-down parsing}},
}

@inproceedings{warth2008,
  author =       {{Alessandro Warth and James R. Douglass and Todd Millstein}},
  title =        {{Packrat parsers can support left recursion}},
  booktitle =    {{Proceedings of the 2008 ACM SIGPLAN symposium on Partial
                  evaluation and semantics-based program manipulation}},
  series =       {{PEPM '08}},
  year =         {{2008}},
  isbn =         {{978-1-59593-977-7}},
  location =     {{San Francisco, California, USA}},
  pages =        {{103--110}},
  numpages =     {{8}},
  url =          {{http://www.cs.ucla.edu/~todd/research/pub.php?id=pepm0}},
  doi =          {{10.1145/1328408.1328424}},
  acmid =        {{1328424}},
  publisher =    {{ACM}},
  address =      {{New York, NY, USA}},
  keywords =     {{left recursion, packrat parsing}},
}

@techreport{tratt2010,
  author =       {{Laurence Tratt}},
  title =        {{Direct left-recursive parsing expression grammars}},
  institution =  {{School of Engineering and Information Sciences, Middlesex
                  University}},
  number =       {{EIS-10-01}},
  month =        {{Oct}},
  year =         {{2010}},
  url =
                  {{http://tratt.net/laurie/research/pubs/html/tratt__direct_left_recursive_parsing_expression_grammars/}},
}

@article{grimm2006,
  author =       {{Robert Grimm}},
  title =        {{Better extensibility through modular syntax}},
  journal =      {{SIGPLAN Not.}},
  issue_date =   {{June 2006}},
  volume =       {{41}},
  number =       {{6}},
  month =        {{Jun}},
  year =         {{2006}},
  issn =         {{0362-1340}},
  pages =        {{38--51}},
  numpages =     {{14}},
  url =          {{http://www.cs.nyu.edu/rgrimm/papers/pldi06.pdf}},
  doi =          {{10.1145/1133255.1133987}},
  acmid =        {{1133987}},
  publisher =    {{ACM}},
  address =      {{New York, NY, USA}},
  keywords =     {{extensible syntax, module system, packrat parsing, parser
                  generator, parsing expression grammar}},
}

@MastersThesis{ford2002thesis,
  author =       {{Bryan Ford}},
  title =        {{Packrat Parsing: a Practical Linear-Time Algorithm with
                  Backtracking}},
  school =       {{Massachusetts Institute of Technology}},
  address =      {{Boston, MA, USA}},
  year =         {{2002}},
  url =          {{http://pdos.csail.mit.edu/~baford/packrat/thesis/}},
}

@misc{scala_spec,
  author =       {{Martin Odersky}},
  publisher =    {{Programming Methods Laboratory, EPFL, Switzerland}},
  type =         {{Specification}},
  title =        {{The Scala Language Specification Version 2.9}},
  month =        {{May}},
  year =         {{2011}},
  url =          {{http://www.scala-lang.org/node/198}},
}

@misc{wiki_macro,
  key =          {{Wikipedia}},
  type =         {{Wikipedia Article}},
  title =        {{Macro (computer science) - Wikipedia Article}},
  url =          {{http://en.wikipedia.org/wiki/Macro_\%28computer_science\%29}},
}

@misc{wiki_abstraction,
  key =          {{Wikipedia}},
  type =         {{Wikipedia Article}},
  title =        {{Abstraction (computer science) - Wikipedia Article}},
  url =
                  {{http://en.wikipedia.org/wiki/Abstraction_%28computer_science%29}},
}

@misc{java_macros,
  key =          {{java-macros}},
  type =         {{Project Page}},
  title =        {{java-macros - Java 7 protoype compiler with LISPish macro
                  support}},
  url =          {{http://code.google.com/p/java-macros/}},
}

@misc{jatha,
  author =       {{Kimberley Burchett}},
  type =         {{Project Page}},
  title =        {{Jatha: Bringing to Java some of the power of Lisp}},
  url =          {{http://kimbly.org/code/jatha/}},
}

@misc{ahead_toolsuite,
  author =       {{Software Systems Generator Research Group}},
  type =         {{Project Page}},
  title =        {{The AHEAD Tool Suite}},
  url =          {{http://www.cs.utexas.edu/users/schwartz/ATS/fopdocs/}},
}

@inproceedings{jakarta,
  author =       {{Don Batory and Bernie Lofaso and Yannis Smaragdakis}},
  title =        {{JTS: Tools for implementing domain-specific languages}},
  booktitle =    {{In Proceedings of the 5th International Conference on Software
                  Reuse}},
  year =         {{1998}},
  pages =        {{143--153}}
}

@misc{bigwig,
  key =          {{bigwig}},
  type =         {{Project Page}},
  title =        {{The <bigwig> Project Webpage}},
  url =          {{http://www.brics.dk/bigwig/}},
}

@inproceedings{bigwig_paper,
  author =       {{Claus Brabrand and Michael I. Schwartzbach}},
  title =        {{Growing Languages with Metamorphic Syntax Macros}},
  booktitle =    {{In Proceedings of Workshop on Partial Evaluation and
                  Semantics-Based Program Manipulation, PEPM 2002. ACM}},
  year =         {{2000}},
  pages =        {{31--40}},
  publisher =    {{ACM Press}},
  url =          {{http://www.brics.dk/bigwig/publications/macro.pdf}},
}

@article{JSE,
  author =       {{Jonthan Bachrach and Keith Playford}},
  title =        {{The Java syntactic extender (JSE)}},
  journal =      {{SIGPLAN Not.}},
  issue_date =   {{11/01/2001}},
  volume =       {{36}},
  number =       {{11}},
  month =        oct,
  year =         {{2001}},
  issn =         {{0362-1340}},
  pages =        {{31--42}},
  numpages =     {{12}},
  url =          {{http://www.ai.mit.edu/~jrb/jse/jse.pdf}},
  doi =          {{10.1145/504311.504285}},
  acmid =        {{504285}},
  publisher =    {{ACM}},
  address =      {{New York, NY, USA}},
}

@misc{JSE_web,
  author =       {{Jonathan Bachrach and Keith Playford}},
  type =         {{Project Page}},
  title =        {{The Java Syntactic Extender Webpage}},
  url =          {{http://jse.sourceforge.net/}},
}

@inproceedings{ZL,
  author =       {{Atkinson, Kevin and Flatt, Matthew and Lindstrom, Gary}},
  title =        {{ABI compatibility through a customizable language}},
  booktitle =    {{Proceedings of the ninth international conference on
                  Generative programming and component engineering}},
  series =       {{GPCE '10}},
  year =         {{2010}},
  isbn =         {{978-1-4503-0154-1}},
  location =     {{Eindhoven, The Netherlands}},
  pages =        {{147--156}},
  numpages =     {{10}},
  url =          {{http://zl-lang.org/zl-dissertation-univf.pdf}},
  doi =          {{10.1145/1868294.1868316}},
  acmid =        {{1868316}},
  publisher =    {{ACM}},
  address =      {{New York, NY, USA}},
  keywords =     {{ABI, C, C++, binary compatibility, macros}},
}

@misc{dylan_manual,
  title =        {{The Dylan Reference Manual - Macros}},
  author =       {{Apple Computer, Inc}},
  url =          {{http://opendylan.org/books/drm/Macros}},
  year =         {{1998}},
}

@misc{open_dylan,
  author =       {{Dylan Hackers}},
  type =         {{Project Page}},
  title =        {{Open Dylan}},
  url =          {{http://opendylan.org/}},
}

@misc{dylan_macros,
  title =        {{The Dylan Macro System}},
  author =       {{Dustin Voss}},
  url =          {{http://opendylan.org/articles/macro-system/index.html}},
}

@misc{elixir_macros,
  title =        {{Elixir: Getting Started - Macros}},
  author =       {{Jose Valim}},
  url =          {{http://elixir-lang.org/getting_started/5.html}},
}

@mastersthesis{katahdin,
  author =       {{Chris Seaton}},
  School =       {{University of Bristol}},
  Title =        {{A Programming Language Where the Syntax and Semantics Are
                  Mutable at Runtime}},
  Year =         {{2007}},
  url =          {{http://www.chrisseaton.com/katahdin/}}
}

@misc{parboiled,
  author =       {{Mathias Doenitz}},
  type =         {{Project Page}},
  title =        {{The Parboiled Website}},
  url =          {{http://parboiled.org}},
}

@misc{nemerle_web,
  author =       {{The Nemerle Project Team}},
  type =         {{Project Page}},
  title =        {{The Nemerle Website}},
  url =          {{http://nemerle.org}},
}

@misc{nemerle_paper,
  author =       {Kamil Skalski and Michal Moskal and Pawel Olszta},
  title =        {Meta-programming in Nemerle},
}

@inproceedings{weise93,
  author =       {{Daniel Weise and Roger Crew}},
  title =        {{Programmable syntax macros}},
  booktitle =    {{Proceedings of the ACM SIGPLAN 1993 conference on Programming
                  language design and implementation}},
  series =       {{PLDI '93}},
  year =         {{1993}},
  isbn =         {{0-89791-598-4}},
  location =     {{Albuquerque, New Mexico, USA}},
  pages =        {{156--165}},
  numpages =     {{10}},
  url =
                  {{http://www.cs.rice.edu/~taha/teaching/05S/511/papers/weise93programmable.pdf}},
  doi =          {{10.1145/155090.155105}},
  acmid =        {{155105}},
  publisher =    {{ACM}},
  address =      {{New York, NY, USA}},
}

@misc{jse_slides,
  author = {{Jonathan Bachrach and Keith Playford}},
  institution = {{MIT AI Lab}},
  year = {{2000}},
  Title = {{Procedural Macros for Java}},
}

@inproceedings{quasiquotation,
  author =       {{Alan Bawden}},
  title =        {{Quasiquotation in Lisp}},
  booktitle =    {{O. Danvy, Ed., University of Aarhus, Dept. of Computer
                  Science}},
  year =         {{1999}},
  pages =        {{88--99}},
  url =          {{http://repository.readscheme.org/ftp/papers/pepm99/bawden.pdf}},
}

@misc{macrodef,
  author =       {{Timothy Hart}},
  title =        {{MACRO Definitions for LISP}},
  url =          {{http://dspace.mit.edu/handle/1721.1/6111}},
  year =         {{1963}}
}

@article{macro_assem,
  author =       {{Douglas McIlroy}},
  title =        {{Macro instruction extensions of compiler languages}},
  journal =      {{Commun. ACM}},
  issue_date =   {{April 1960}},
  volume =       {{3}},
  number =       {{4}},
  month =        apr,
  year =         {{1960}},
  issn =         {{0001-0782}},
  pages =        {{214--220}},
  numpages =     {{7}},
  url =          {{http://doi.acm.org/10.1145/367177.367223}},
  doi =          {{10.1145/367177.367223}},
  acmid =        {{367223}},
  publisher =    {{ACM}},
  address =      {{New York, NY, USA}},
}

@misc{on_lisp,
  author =       {{Paul Graham}},
  title =        {{On Lisp}},
  year =         {{1993}},
  url =          {{http://www.paulgraham.com/onlisp.html}},
}

@misc{let_over_lambda,
  author =       {{Doug Hoyte}},
  title =        {{Let Over Lambda}},
  year =         {{2008}},
  url =          {{http://letoverlambda.com/}},
}

@misc{tiobe,
  author =       {{TIOBE Software}},
  title =        {{TIOBE Programming Community Index for July 2013}},
  url =
                  {{http://www.tiobe.com/index.php/content/paperinfo/tpci/index.html}},
  urldate =      {{2013-08-01}},
}

@misc{lombok,
  author =       {{Michael Kimberlin}},
  title =        {{Reducing Boilerplate Code with Project Lombok}},
  url =          {{http://jnb.ociweb.com/jnb/jnbJan2010.html}},
}

@misc{jls,
  author =       {{James Gosling, Bill Joy, Guy Steele, Gilad Bracha \& Alex
                  Buckley}},
  title =        {{The Java\copyright{} Language Specification, Java SE 7
                  Edition}},
  url =          {{http://docs.oracle.com/javase/specs/jls/se7/html/}},
}

@inproceedings{pratt1973,
  author =       {{Vaughan Pratt}},
  title =        {{Top Down Operator Precedence}},
  booktitle =    {{Proceedings of the 1st annual ACM SIGACT-SIGPLAN symposium on
                  Principles of programming languages}},
  series =       {{POPL '73}},
  year =         {{1973}},
  location =     {{Boston, Massachusetts}},
  pages =        {{41--51}},
  numpages =     {{11}},
  url =          {{http://mauke.hopto.org/stuff/papers/p41-pratt.pdf}},
  doi =          {{10.1145/512927.512931}},
  acmid =        {{512931}},
  publisher =    {{ACM}},
  address =      {{New York, NY, USA}},
}

@misc{source_maps_home,
  author =       {{John Lenz \& Nick Fitzgerald}},
  title =        {{Source Map (Revision 3)}},
  url =          {{https://github.com/mozilla/source-map}},
}

@misc{source_maps_expl,
  author =       {{Ryan Seddon}},
  title =        {{Introduction to JavaScript Source Maps}},
  url =
                  {{http://www.html5rocks.com/en/tutorials/developertools/sourcemaps/}},
}

@misc{css_page,
  key =          {{Cascading Style Sheets}},
  title =        {{Cascading Style Sheets Home Page}},
  url =          {{http://www.w3.org/Style/CSS/}},
}

@misc{xpath,
  key =          {{James Clark \& Steve DeRose}},
  title =        {{XML Path Language (XPath) Version 1.0 W3C Recommendation 16
                  November 1999}},
  url =          {{http://www.w3.org/TR/xpath/}},
}

@misc{hprof,
  key =          {{Oracle}},
  title =        {{HPROF: A Heap/CPU Profiling Tool}},
  url =
                  {{http://docs.oracle.com/javase/7/docs/technotes/samples/hprof.html}},
}

@misc{jperfanal,
  author =       {{Nathan Meyers}},
  title =        {{JPerfAnal: A Java Performance Analysis Tool}},
  url =          {{http://jperfanal.sourceforge.net/JPerfAnal_manual.html}},
}

@misc{listcomp,
  key =          {{Python for Beginners}},
  title =        {{Python for Beginners - List Comprehensions in Python}},
  url =
                  {{http://www.pythonforbeginners.com/lists/list-comprehensions-in-python/}},
}
